@book {richard1995,
    author    = {Scheaffer, Richard},
    title     = {Probability and Statistics for Engineers},
    publisher = "ITP",
    year      = {1995},
    edition   = {First}
}

@book {gut2005,
    author    = {Gut, Allan},
    title     = {Probability: A Graduate Course},
    publisher = "Springer",
    year      = {2005},
    edition   = {First}
}

